@article{Yao1999,
    author = {Yao, X. and Liu, Y and Lin, G.},
    title = {Evolutionary programming made faster},
    journal = {IEEE Trans. on Evol. Comput.},
    year = {1999},
    volume = {3},
    number ={2},
    pages = {82--102},
}

@article{Emily2012,
    author = {Baird, Emily and Byrne, Marcus J. and Smolka, Jochen and Warrant, Eric J. and Dacke, Marie},
    journal = {PLoS ONE},
    publisher = {Public Library of Sci.},
    title = {The dung beetle dance: an orientation behaviour?},
    year = {2012},
    volume = {7},
    number = {1},
    pages = {e30211},
}

@article{Dacke2004,
author = {Dacke, Marie and Byrne, Marcus J. and Scholtz, Clarke H. and Warrant, Eric J.},
title = {Lunar orientation in a beetle},
journal = {Proc. of the Roy. Soc. of London. Series B: Biological Sci.},
volume = {271},
number = {1537},
pages = {361--365},
year = {2004},
}

@misc{captcha2008,
author = {L. Grossman},
title = {Computer Literacy Tests: Are You Human?},
month = {June},
year = {2008},
url = {http://www.time.com/time/magazine/article/0,9171,1812084,00.html},
}

@book{Camazine2003,
    author = {Scott Camazine and Jean-Louis Deneubourg and Nigel R. Franks and James Sneyd and Guy Theraula and Eric Bonabeau},
    title = {Self-Organization in Biological Systems},
    year = {2003},
    publisher ={Princeton Univ. Press},
    address = {Princeton, NJ}
}