@article{Harnad2000,
	volume = {9},
	number = {4},
	pages = {425--445},
	year = {2000},
	title = {Minds, machines and Turing: The indistinguishability of indistinguishables},
	author = {Stevan Harnad},
	journal = {J. Logic, Language and Inform.},
	publisher = {Springer, Netherlands}
}

@INPROCEEDINGS{Mirm2011, 
author={Mirmomeni, M. and Punch, W.}, 
booktitle={Proc. 2011 IEEE Congr. Evol. Comput.}, 
title={Co-evolving data driven models and test data sets with the application to forecast chaotic time series}, 
year={2011}, 
pages={14--20}, 
publisher={IEEE Press, New Orleans, LA, USA},
}

@article{Cully2015,
author = {Cully, Antoine and Clune, Jeff and Tarapore, Danesh and Mouret, Jean-Baptiste}, 
title = {Robots that can adapt like animals},
volume = {521}, 
number = {7553}, 
pages = {503--507}, 
year = {2015}, 
journal = {Nature} 
}

@book{Eiben2003,
 author = {Eiben, A.E. and Smith, J.E.},
 title = {Introduction to evolutionary computing},
 year = {2003},
 publisher = {Springer},
 address = {Berlin, Germany}
}

@article{Bongard2007PNAS,
author = {Bongard, Josh and Lipson, Hod}, 
title = {Automated reverse engineering of nonlinear dynamical systems},
volume = {104}, 
number = {24}, 
pages = {9943--9948}, 
year = {2007}, 
journal = {PNAS} 
}

@article{Theraulaz2002,
author = {Theraulaz, Guy and others}, 
title = {Spatial patterns in ant colonies},
volume = {99}, 
number = {15}, 
pages = {9645-9649}, 
year = {2002}, 
journal = {PNAS},
}

@article {Luca2014,
	author = {De Luca, Giancarlo and Mariani, Patrizio and MacKenzie, Brian R. and others},
	title = {Fishing out collective memory of migratory schools},
	volume = {11},
	number = {95},
	year = {2014},
	publisher = {The Royal Society},
	journal = {J. Roy. Soc. Interface}
}


@book{Paul2010,
 author = {Paul Levi and Serge Kernbach},
 title = {Symbiotic multi-robot organisms: Reliability, adaptability, evolution},
 year = {2010},
 publisher = {Springer},
 address = {Berlin, Germany}
}

@incollection{Jakobi95,
    author = {Nick Jakobi and Phil Husbands and Inman Harvey},
    title = {Noise and the reality gap: The use of simulation in evolutionary robotics},
    editor={Mor\'an, Federico and Moreno, Alvaro and Merelo, JuanJuli\'an and others},
    volume={929},
    booktitle = {Advances in Artificial Life},
    year = {1995},
    pages = {704--720},
    publisher = {Springer, Berlin, Germany}
}

@INPROCEEDINGS{Daniel2014, 
author={Eldridge, B.D. and Maciejewski, A.A.}, 
booktitle={Proc. 2014 Int. Conf. Autonomous Agents and Multi-Agent Syst.}, 
title={Limited bandwidth recognition of collective behaviors in bio-inspired swarms}, 
year={2014}, 
pages={405--412}, 
publisher={IFAAMAS Press, Paris, France},
}

@article{Krause2011,
title = "Interactive robots in experimental biology ",
journal = "Trends Ecology and Evolution ",
volume = "26",
number = "7",
pages = "369--375",
year = "2011",
note = "",
issn = "0169-5347",
author = "Jens Krause and Alan F.T. Winfield and Jean-Louis Deneubourg"
}


@incollection{Melvin_DARS2014,
year={2014},
isbn={978-3-642-55145-1},
booktitle={Distributed Autonomous Robotic Systems},
volume={104},
series={},
editor={Ani Hsieh, M. and Chirikjian, Gregory},
title={Evolving Aggregation Behaviors in Multi-Robot Systems with Binary Sensors},
publisher={Springer, Berlin, Germany},
author={Gauci, Melvin and Chen, Jianing and Dodd, TonyJ. and Gro\ss, Roderich},
pages={355--367},
language={English}
}

@incollection{Bjerknes2013,
year={2013},
isbn={978-3-642-32722-3},
booktitle={Distributed Autonomous Robotic Systems},
volume={83},
series={},
editor={Martinoli, Alcherio and Mondada, Francesco and Correll, Nikolaus and others},
title={On Fault Tolerance and Scalability of Swarm Robotic Systems},
publisher={Springer, Berlin, Germany},
author={Bjerknes, JanDyre and Winfield, Alan F. T.},
pages={431--444},
language={English},
}

@ARTICLE{Turing1950,
author = {Turing, A. M.},
title = {Computing machinery and intelligence},
journal = {Mind},
year = {1950},
volume = {59},
number ={236},
pages = {433--460},
}

@ARTICLE{Koos2013, 
author={Koos, S. and Mouret,  J. B. and Doncieux, S.}, 
journal={IEEE Trans. Evol. Comput.}, 
title={The Transferability Approach: Crossing the Reality Gap in Evolutionary Robotics}, 
year={2013}, 
volume={17}, 
number={1}, 
pages={122--145}, 
keywords={Pareto optimisation;evolutionary computation;robots;8-DOF quadrupedal robot;ER;Jakobi minimal simulation methodology;Pareto based multiobjective evolutionary algorithm;STR;evolutionary robotics;local search approach;noise based approach;physical robot;reality gap;simulation-to-reality;transferability approach;unrealistic behaviors;Adaptation models;Computational modeling;Legged locomotion;Optimization;Robustness;Evolutionary robotics;reality gap;transfer-ability approach}, 
doi={10.1109/TEVC.2012.2185849}, 
ISSN={1089-778X},
}

@article{Weitz2012,
year={2012},
journal={PLoS ONE},
volume={7},
number={6},
title={Modeling collective animal behavior with a cognitive perspective: A methodological framework},
author={Weitz, S and others},
pages={e38588},
language={English},
}

@article{Jakob2010,
year={2010},
journal={J. Neuroscience},
volume={30},
number={42},
title={Influence of phasic and tonic dopamine release on receptor activation},
author={Jakob K. Dreyer , Kjartan F. Herrik, Rune W. Berg and others},
pages={14273--14283},
language={English}
}

@article{Alan2014,
year={2014},
issn={1864-5909},
journal={Evol. Intell.},
volume={7},
number={2},
doi={10.1007/s12065-014-0112-8},
title={The distributed co-evolution of an on-board simulator and controller for swarm robot behaviours},
keywords={Evolutionary robotics; Swarm robotics; Distributed evolution; Online evolution},
author={O'Dowd, Paul J. and Studley, Matthew and Winfield, Alan F. T.},
pages={95--106},
language={English}
}


@article {Wood2007,
	author = {Wood, Andrew J and Ackland, Graeme J},
	title = {Evolving the selfish herd: Emergence of distinct aggregating strategies in an individual-based model},
	volume = {274},
	number = {1618},
	pages = {1637--1642},
	year = {2007},
	publisher = {The Royal Society},
	journal = {Proc. of the Royal Society of London B: Biological Sciences}
}

@article{Beyer2002,
title = "Evolution strategies {-} A comprehensive introduction",
journal = "Natural Computing",
volume = "1",
number = "1",
pages = "3--52",
year = "2002",
author = "Hans-Georg Beyer and Hans-Paul Schwefel",
}

@incollection{Dirk2011,
year={2011},
booktitle={Extreme Environmental Events},
editor={Meyers, Robert A.},
title={Pedestrian, Crowd and Evacuation Dynamics},
publisher={Springer, New York, NY, USA},
author={Helbing, Dirk and Johansson, Anders},
pages={697--716},
}

@book{Gary2008,
 author = {Gary Bradski and Adrian Kaehler},
 title = {Learning OpenCV: Computer vision with the OpenCV library},
 year = {2008},
 publisher = {O'Reilly Media},
 address = {Sebastopol, CA, USA}
}

@article{Hedwig2004,
title = "Complex auditory behaviour emerges from simple reactive steering",
journal = "Nature",
volume = "430",
number = "7001",
pages = "781--785",
year = "2004",
author = "Hedwig, Berthold and Poulet, James F. A.",
}

@INPROCEEDINGS{Eldridge2005, 
author={Eldridge, B.D. and Maciejewski, A.A.}, 
booktitle={Sys., Man and Cybernetics, 2005 IEEE Int. Conference on}, 
title={Using genetic algorithms to optimize social robot behavior for improved pedestrian flow}, 
year={2005}, 
month={October}, 
volume={1}, 
pages={524--529}, 
publisher={Waikoloa, Hawaii},
doi={10.1109/ICSMC.2005.1571199},
}

@article{Ruxton2008,
title = "The application of genetic algorithms in behavioural ecology, illustrated with a model of anti-predator vigilance",
journal = "J. Theoretical Biology ",
volume = "250",
number = "3",
pages = "435--448",
year = "2008",
note = "",
issn = "0022-5193",
author = "Graeme D. Ruxton and Guy Beauchamp",
}


@article{Bonabeau2002,
title = {Agent-based modeling: Methods and techniques for simulating human systems},
author = {Bonabeau, Eric},
journal = {PNAS},
volume = {99},
number = {10},
pages = {7280--7287},
year = {2002},
}

@article{Ljung2010,
title = "Perspectives on system identification ",
journal = "Annu. Rev. Control ",
volume = "34",
number = "1",
pages = "1--12",
year = "2010",
note = "",
issn = "1367--5788",
author = "Lennart Ljung",
}

@article{Shandelle2010,
year={2010},
journal={Notices Amer. Math. Soc.},
volume={57},
number={10},
title={The Mathematics of Animal Behavior: An Interdisciplinary Dialogue},
author={Shandelle M. Henson and James L. Hayward},
pages={1248--1258},
}

@article{Michelsen1994,
year={1994},
issn={0340-7594},
journal={Journal of Comparative Physiology},
volume={175},
number={2},
title={Physics of directional hearing in the cricket Gryllus bimaculatus},
publisher={Springer-Verlag},
author={Michelsen, A. and Popov, A.V. and Lewis, B.},
pages={153--164},
}

@inproceedings{Bongard_remote_robot_2004,
author={Bongard, J. and Lipson, H.},
booktitle={Proc. 2004 IEEE Int. Conf. Robot. and Autom.},
title={Automated damage diagnosis and recovery for remote robotics},
year={2004},
month = {},
publisher={IEEE Computer Society Press, New Orleans, LA, USA},
address = {},
pages={3545--3550},
}

@article{Varady1997,
title = "Reverse engineering of geometric modelsâ€”an introduction ",
journal = "Computer-Aided Design ",
volume = "29",
number = "4",
pages = "255 - 268",
year = "1997",
author = "Tam\'as V\'arady and Ralph R Martin and Jordan Cox",
}

@article{Basso2005,
title = "Reverse engineering of regulatory networks in human B cells",
journal = "Nature Genetics",
volume = "37",
number = "4", 
pages = "382--390",
year = "2005",
author = "Basso, Katia and Margolin, Adam A and Stolovitzky, Gustavo and others",
}


@book{Stefano2000,
 author = {Stefano Nolfi and Dario Floreano},
 title = {Evolutionary Robotics: The Biology, Intelligence, and Technology of Self-Organizing Machines},
 year = {2000},
 publisher = {MIT Press},
 address = {Cambridge, MA}
}

@book{Ljung1999,
 author = {Lennart Ljung},
 title = {System Identification: Theory for the User (2nd Edition)},
 year = {1999},
 publisher = {Prentice Hall},
 address = {Upper Saddle River, NJ}
}

@article{Watson2002,
title = "Embodied Evolution: Distributing an evolutionary algorithm in a population of robots ",
journal = "Robot. and Autonomous Systems ",
volume = "39",
number = "1",
pages = "1--18",
year = "2002",
author = "Richard A. Watson and Sevan G. Ficici and Jordan B. Pollack",
}



@inproceedings{Zykov2004,
author={Zykov, V. and Bongard, J. and Lipson, H.},
booktitle={Proc. 2004 Genetic and Evol. Comput. Conf.},
title={Evolving dynamic gaits on a physical robot},
year={2004},
month = {},
address = {},
publisher = {ACM Press, Seattle, WA, USA},
pages={4722--4728},
}

@article{Floreano1996,
  author =       {Floreano, D. and Mondada, F.},
  title =        {Evolution of homing navigation in a real mobile robot},
  journal =      {IEEE Trans. Syst., Man, and Cybernetics, Part B: Cybernetics},
  year =         {1996},
  volume =    {26},
  number =    {3},
  pages =     {396--407},
}

@article{Hu1962,
author = {Ming-Kuei Hu}, 
title = {Visual pattern recognition by moment invariants},
journal = {IRE Transactions on Information Theory} ,
volume = {8}, 
number = {2}, 
pages={179--187},
year = {1962}, 
}


@article{Kopman2013,
author = {Kopman, Vladislav and Laut, Jeffrey and Polverino, Giovanni and others}, 
title = {Closed-loop control of zebrafish response using a bioinspired robotic-fish in a preference test},
journal = {J. Roy. Soc. Interface} ,
volume = {10}, 
number = {78}, 
pages={1--8},
year = {2013}, 
}

@article{Faria2010,
journal={Behavioral Ecology and Sociobiology},
volume={64},
number={8},
doi={10.1007/s00265-010-0988-y},
title={A novel method for investigating the collective behaviour of fish: Introducing `Robofish'},
publisher={Springer-Verlag},
author={Faria, Jolyon J. and others},
pages={1211--1218},
year={2010},
}

@inproceedings{Li-etal2014:proc_gecco,
  author =       {W.~Li and M.~Gauci and R.~Gro{\ss}},
  title =        {Coevolutionary Learning of Swarm Behaviors Without Metrics},
  booktitle =    {Proc. 2014 Genetic and Evol. Comput. Conf.},  
  year =         {2014},
  publisher = {ACM Press, Vancuver, Canada},
  address = {},
  pages = {201--208}
}

@incollection{Halloy2013,
booktitle={Biomimetic and Biohybrid Systems},
volume={8064},
series={},
title={Towards Bio-hybrid Systems Made of Social Animals and Robots},
editor={Lepora, NathanF. and Mura, Anna and Krapp, HolgerG. and others},
publisher={Springer, Berlin, Germany},
author={Halloy, Jos{\'e} and Mondada, Francesco and Kernbach, Serge and Schmickl, Thomas},
pages={384--386},
year={2013},
}

@incollection{Thomas2013,
year={2013},
booktitle={Biomimetic and Biohybrid Systems},
volume={8064},
series={},
editor={Lepora, NathanF. and Mura, Anna and Krapp, HolgerG. and others},
title={ASSISI: Mixing Animals with Robots in a Hybrid Society},
publisher={Springer, Berlin, Germany},
author={Thomas Schmickl and others},
pages={441--443}
}

@book{Camazine2001,
 author = {Scott Camazine and others},
 title = {Self-Organization in Biological Systems},
 year = {2001},
 publisher = {Princeton University Press},
 address = {Princeton, NJ, USA}
}

@article{Carroll1973,
 title = {Ecology of Foraging by Ants},
 author = {Carroll, C. R. and Janzen, D. H.},
 journal = {Annu. Rev. Ecology and Systematics},
 volume = {4},
 number = {1},
 pages = {231--257},
 year = {1973},
}


@misc{online_supplementary_material_tevc2014,
author = {Wei Li and Melvin Gauci and Jianing Chen and Roderich Gro\ss},
title = {Online supplementary material},
year = {2014},
howpublished = "\url{http://naturalrobotics.group.shef.ac.uk/supp/2014-006/}",
}

@article{Bongard2007,
author = {Bongard, Josh and Lipson, Hod}, 
title = {Automated reverse engineering of nonlinear dynamical systems},
volume = {104}, 
number = {24}, 
pages = {9943--9948}, 
year = {2007}, 
journal = {Proc. Nat. Academy of Sci.} 
}

@article{Schmidt2009,
author = {Schmidt, Michael and Lipson, Hod}, 
title = {Distilling Free-Form Natural Laws from Experimental Data},
volume = {324}, 
number = {5923}, 
pages = {81--85}, 
year = {2009}, 
journal = {Sci.} 
}

@article{King2009,
author = {King, Ross D. and others}, 
title = {The Automation of Science},
volume = {324}, 
number = {5923}, 
pages = {85--89}, 
year = {2009}, 
journal = {Sci.}, 
}

@article{Weihs1973,
author = {D.Weihs},
title = {Hydromechanics of Fish Schooling},
journal = {Nature},
volume = {241},
number = {5387},
pages = {290--291},
year = {1973},
}

@article{Jeanson2005,
title = "Self-organized aggregation in cockroaches",
journal = "Animal Behaviour ",
volume = "69",
number = "1",
pages = "169--180",
year = "2005",
note = "",
author = "Raphael Jeanson and others"
}

@article{Parrish1999,
author = {Parrish, Julia K. and Edelstein-Keshet, Leah}, 
title = {Complexity, Pattern, and Evolutionary Trade-Offs in Animal Aggregation},
volume = {284}, 
number = {5411}, 
pages = {99--101}, 
year = {1999}, 
journal = {Sci.} 
}

@inproceedings{Gribovskiy2010,
author={Gribovskiy, A. and Halloy, J. and Deneubourg, J.-L. and others},
booktitle={Proc. 2010 IEEE/RSJ Int. Conf. Intelligent Robots and Syst.},
title={Towards mixed societies of chickens and robots},
year={2010},
month = {October},
address = {Boston, MA},
pages={4722--4728},
}

@article{J.Halloy2007,
author = {J. Halloy and others},
title = {Social integration of robots into groups of cockroaches to control self-organized choices},
journal = {Sci.},
volume = {318},
number = {5853},
pages = {1155--1158},
year = {2007},
}

@ARTICLE{Vaughan2000,
author={Vaughan, R. and Sumpter, N. and Henderson, J. and Frost, Andy and Cameron Stephen},
title={Experiments in automatic flock control},
journal={Robot. and Autonomous Syst.},
year={2000},
volume={31},
number={1},
pages={109--117},
}

@article {Ly2014,
author = {Le Ly, D. and Lipson, H.},
title = {Optimal Experiment Design for Coevolutionary Active Learning},
journal = {IEEE Trans. Evol. Comput.},
year = {2014},
volume = {18},
number = {3},
pages = {394--404},
}

@article {Kouchmeshky2007,
author = {Kouchmeshky, B. and Aquino, W. and Bongard, J. and Lipson, H.},
title = {Co-evolutionary algorithm for structural damage identification using minimal physical testing},
journal = {Int. J. Numerical Methods Eng.},
year = {2007},
volume = {69},
number = {5},
pages = {1085--1107},
}

@INPROCEEDINGS{Koos2009, 
author={Koos, S. and Mouret, J. and Doncieux, S.}, 
booktitle={Proc. 2009 IEEE Congr. Evol. Comput.}, 
title={Automatic system identification based on coevolution of models and tests}, 
year={2009}, 
month={},
publisher={IEEE Press, Trondheim, Norway},
address={},
pages={560--567}, 
}

@inproceedings{Bongard_function_recovery_2004,
author = {J. Bongard and H. Lipson},
title = {Automated robot function recovery after unanticipated failure or environmental change using a minimum of hardware trials},
booktitle = {Proc. 2004 NASA/DoD Conf. Evolvable Hardware},
address = {},
publisher = {IEEE Computer Society Press, Los Alamitos, CA, USA},
month  = {},
year = {2004},
pages = {169--176},
}

@article{Bongard2005,
author={J. Bongard and H. Lipson},
journal={IEEE Trans. Evol. Comput.},
title={Nonlinear system identification using coevolution of models and tests},
year={2005},
volume={9},
number={4},
pages={361--384},
}

@article{Waltz2010,
author = {David Waltz and Bruce G. Buchanan},
title = {Automating Science},
journal = {Sci.},
volume = {324},
number = {5923},
pages = {43--44},
year = {2009},
}

@article{Evans2010,
author = {Evans, James and Rzhetsky, Andrey},
title = {Machine science},
journal = {Sci.},
volume = {329},
number = {5990},
pages = {399--400},
year = {2010},
}

@incollection{Meyer2008,
author = {Jean-Arcady Meyer and Agn{\'e}s Guillot},
title = {Biologically Inspired Robots},
booktitle = {Springer Handbook of Robot.},
publisher = {Springer},
year = {2008},
editor = {B. Siciliano and O. Khatib},
address = {Berlin, Germany},
series = {Springer Handbooks},
pages = {1395--1422}
}

@book{Floreano2008,
    author = {Dario Floreano and Claudio Mattiussi},
    title = {Bio-Inspired Artificial Intelligence: Theories, Methods, and Technologies},
    year = {2008},
    publisher ={MIT Press},
    address = {Cambridge, MA},
}

@book{Bolhuis2004,
    author = {Johan J. Bolhuis and Luc-Alain Giraldeau},
    title = {The Behavior of Animals: Mechanisms, Function, and Evolution},
    year = {2004},
    publisher ={Wiley},
    address = {Hoboken, NJ}
}

@article{Sutherland1998,
author = "William J Sutherland",
title = "The importance of behavioural studies in conservation biology",
journal = "Animal Behaviour ",
volume = "56",
number = "4",
pages = "801--809",
year = "1998",
}

@inproceedings{Li-etal2013:proc_gecco,
  author =       {W.~Li and M.~Gauci and R.~Gro{\ss}},
  title =        {A Coevolutionary Approach to Learn Animal Behavior Through Controlled Interaction},
  booktitle =    {Proc. 2013 Genetic and Evol. Comput.},  
  Month = {},  
  year =  {2013},
  address = {ACM Press, Amsterdam, Netherlands},
  pages = {223--230},
}

@inproceedings{e-puck,
   author      = {Mondada, Francesco and others},
   booktitle   = {Proc. 9{t}h {C}onf. on {A}utonomous {R}obot {S}ystems and {C}ompetitions},
   pages       = {59--65},
   publisher   = {IPCB: Instituto Polit{\'e}cnico de Castelo Branco},
   title       = {The e-puck, a robot designed for education in engineering},
   volume      = {1},
   year        = 2009
}

@misc{Enki,
author={S. Magnenat and M. Waibel and A. Beyeler},
title={Enki: The fast 2{D} robot simulator},
note={},
howpublished={\url{http://home.gna.org/enki/}},
year={2011}
}

@article{Gauci2014_ijrr,
author = {Gauci, Melvin and Chen, Jianing and Li, Wei and Dodd, Tony J. and Gro\ss, Roderich}, 
title = {Self-organized aggregation without computation},
volume = {33}, 
number = {8}, 
pages = {1145-1161}, 
year = {2014}, 
journal = {Int. J. Robot. Research} 
}

@INPROCEEDINGS{Melvin2014_aamas, 
author={Melvin Gauci and Jianing Chen and Wei Li and T J Dodd and Roderich Gro\ss}, 
booktitle={Proc. 2014 Int. Conf. Autonomous Agents and Multi-Agent Syst.}, 
title={Clustering Objects with Robots That Do Not Compute}, 
pages={421--428},
year={2014}, 
month={},
address={IFAAMAS Press, Paris, France},
}

@article{SchmidtLipson2009:science,
author = {Schmidt, Michael and Lipson, Hod}, 
title = {Distilling free-form natural laws from experimental data},
journal = {Sci.},
year = {2009}, 
volume = {324}, 
number = {5923}, 
pages = {81--85}, 
}

@article{Bongard-etal2006:science,
  author =  {J. Bongard and V. Zykov and H. Lipson},
  title = {Resilient machines through continuous self-modeling},
  journal = {Sci.},
  year = {2006},
  volume = {314},
  number ={5802},
  pages =  {1118--1121},
}

@inproceedings{Mirmomeni2011,
author={Mirmomeni, M. and Punch, W.},
booktitle={Proc. 2011 IEEE Congr. Evol. Comput.},
title={Co-evolving data driven models and test data sets with the application to forecast chaotic time series},
address = {New Orleans, LA, USA},
month = {June},
year={2011},
pages={14--20},
}

@article{Elman1990,
    author = {Jeffrey L. Elman},
    title = {Finding structure in time},
    journal = {Cognitive Sci.},
    year = {1990},
    volume = {14},
    number ={2},
    pages = {179--211},
}

@book{Beyer2001,
    author = {Hans-Georg Beyer},
    title = {The Theory of Evolution Strategies},
    year = {2001},
    publisher ={Springer},
    address = {Berlin, Germany},
}

@article{Graham1990,
 author = {Graham, R. L. and Sloane, N. J. A.},
 title = {Penny-packing and two-dimensional codes},
 journal = {Discrete and Computational Geometry},
 volume = {5},
 number = {1},
 month = jan,
 year = {1990},
 pages = {1--11},
} 






